

@article{Bezanson2012,
	Archiveprefix = {arXiv},
	Author = {Jeff Bezanson and Stefan Karpinski and Viral B. Shah and Alan Edelman},
	Date-Added = {2014-10-02 21:02:08 +0000},
	Date-Modified = {2014-10-02 21:21:17 +0000},
	Eprint = {1209.5145},
	Journal = {arXiv:1209.5145 [cs.PL]},
	Primaryclass = {cs.PL},
	Title = {Julia: A Fast Dynamic Language for Technical Computing},
	Bdsk-Url-1 = {http://arxiv.org/abs/1209.5145}}

@inproceedings{Bezanson2014,
	Acmid = {2627383},
	Address = {New York, NY, USA},
	Articleno = {56},
	Author = {Bezanson, Jeff and Chen, Jiahao and Karpinski, Stefan and Shah, Viral and Edelman, Alan},
	Booktitle = {Proceedings of ACM SIGPLAN International Workshop on Libraries, Languages, and Compilers for Array Programming},
	Date-Added = {2014-10-02 20:59:56 +0000},
	Date-Modified = {2014-10-02 21:09:24 +0000},
	Doi = {10.1145/2627373.2627383},
	Isbn = {978-1-4503-2937-8},
	Keywords = {Julia, array indexing, dynamic dispatch, multiple dispatch, static analysis, type inference},
	Location = {Edinburgh, United Kingdom},
	Numpages = {6},
	Pages = {56--61},
	Publisher = {ACM},
	Series = {ARRAY'14},
	Title = {Array Operators Using Multiple Dispatch: A Design Methodology for Array Implementations in Dynamic Languages},
	Year = {2014},
	Bdsk-Url-1 = {http://doi.acm.org/10.1145/2627373.2627383},
	Bdsk-Url-2 = {http://dx.doi.org/10.1145/2627373.2627383}}

@webpage{Compose.jl,
	Author = {Daniel C Jones and Darwin Darakananda and Keno Fischer and Tim Holy and others},
	Date-Added = {2014-10-02 20:56:32 +0000},
	Date-Modified = {2014-10-02 21:21:17 +0000},
	Title = {Compose.jl v0.3.9 (composejl.org)},
	Urldate = {2014-09-26},
	Bdsk-Url-1 = {composejl.org}}

@incollection{Blelloch1993,
	Address = {San Mateo, California},
	Author = {Blelloch, Guy E},
	Booktitle = {Synthesis of Parallel Algorithms},
	Chapter = {1},
	Editor = {Reif, John H},
	File = {:Users/jiahao/Documents/Mendeley Desktop/Blelloch/Synthesis of Parallel Algorithms/Blelloch - 1993 - Prefix sums and their applications.pdf:pdf},
	Isbn = {155860135X},
	Pages = {35--60},
	Publisher = {Morgan Kaufmann},
	Title = {{Prefix sums and their applications}},
	Year = {1993}}
